<?xml version="1.0" encoding="UTF-8"?>
<collection xmlns:xsi="http://www.w3.org/2001/XMLSchema-instance" xsi:schemaLocation="http://www.loc.gov/MARC21/slim http://www.loc.gov/standards/marcxml/schema/MARC21slim.xsd" xmlns="http://www.loc.gov/MARC21/slim">
<record>
  <leader>01533cam a2200337   4500</leader>
  <controlfield tag="001">3063348</controlfield>
  <controlfield tag="003">NNC</controlfield>
  <controlfield tag="005">20130426014930.0</controlfield>
  <controlfield tag="008">900807s1952    ua       b    000 0 arar </controlfield>
  <datafield tag="010" ind1=" " ind2=" ">
    <subfield code="a">ne 61000146 </subfield>
  </datafield>
  <datafield tag="035" ind1=" " ind2=" ">
    <subfield code="a">(OCoLC)ocm22190709</subfield>
  </datafield>
  <datafield tag="035" ind1=" " ind2=" ">
    <subfield code="9">ATN5150CU</subfield>
  </datafield>
  <datafield tag="035" ind1=" " ind2=" ">
    <subfield code="a">(NNC)3063348</subfield>
  </datafield>
  <datafield tag="040" ind1=" " ind2=" ">
    <subfield code="a">DLC</subfield>
    <subfield code="c">WAU</subfield>
    <subfield code="d">WAU</subfield>
    <subfield code="d">ZCU</subfield>
  </datafield>
  <datafield tag="041" ind1="1" ind2=" ">
    <subfield code="a">ara</subfield>
    <subfield code="h">per</subfield>
  </datafield>
  <datafield tag="050" ind1="0" ind2=" ">
    <subfield code="a">BP231</subfield>
    <subfield code="b">.I2</subfield>
  </datafield>
  <datafield tag="099" ind1=" " ind2=" ">
    <subfield code="a">893.7991</subfield>
    <subfield code="a">Ah513</subfield>
  </datafield>
  <datafield tag="100" ind1="1" ind2=" ">
    <subfield code="a">Ibn Miskawayh, Aḥmad ibn Muḥammad,</subfield>
    <subfield code="d">-1030.</subfield>
  </datafield>
  <datafield tag="245" ind1="1" ind2="3">
    <subfield code="a">al-Ḥikmah al-khālidah :</subfield>
    <subfield code="b">Jāvīdān kharad.</subfield>
    <subfield code="c">Ḥaqqaqahu wa-qaddama lahu ʻAbd al-Raḥmān Badawī.</subfield>
  </datafield>
  <datafield tag="260" ind1=" " ind2=" ">
    <subfield code="a">al-Qāhirah,</subfield>
    <subfield code="b">Maktabat al-Nahḍah al-Miṣrīyah,</subfield>
    <subfield code="c">1952.</subfield>
  </datafield>
  <datafield tag="300" ind1=" " ind2=" ">
    <subfield code="a">64, 383 p.</subfield>
    <subfield code="c">24 cm.</subfield>
  </datafield>
  <datafield tag="490" ind1="1" ind2=" ">
    <subfield code="a">Dirāsāt Islāmīyah,</subfield>
    <subfield code="v">13</subfield>
  </datafield>
  <datafield tag="500" ind1=" " ind2=" ">
    <subfield code="a">At head of title: Abū ʻAlī Aḥmad ibn Muḥammad Miskawayh.</subfield>
  </datafield>
  <datafield tag="500" ind1=" " ind2=" ">
    <subfield code="a">Includes, as the basis of the work, the Arabic translation by Ḥasan ibn Sahl of a Persian collection of ethical precepts entitled Jāvīdān kharad. The Persian text, of uncertain origin, is not extant. Cf. pref.</subfield>
  </datafield>
  <datafield tag="504" ind1=" " ind2=" ">
    <subfield code="a">Bibliographical footnotes.</subfield>
  </datafield>
  <datafield tag="505" ind1="0" ind2=" ">
    <subfield code="a">Taṣdīr ʻāmm -- Ḥikam al-Furs: Kitāb jāvīdān kharad. Ādāb al-Furs -- Ḥikam al-Hind -- Ḥikam al-ʻArab -- Ḥikam al-Rūm -- Ḥikam al-Islāmīyīn al-muḥaddithīn -- Khātimah.</subfield>
  </datafield>
  <datafield tag="650" ind1=" " ind2="0">
    <subfield code="a">Ethics.</subfield>
  </datafield>
  <datafield tag="700" ind1="1" ind2=" ">
    <subfield code="a">Badawī, ʻAbd al-Raḥmān.</subfield>
  </datafield>
  <datafield tag="740" ind1="0" ind2="1">
    <subfield code="a">Jāvīdān kherad.</subfield>
  </datafield>
  <datafield tag="800" ind1="1" ind2=" ">
    <subfield code="a">Badawī, ʻAbd al-Raḥmān.</subfield>
    <subfield code="t">Dirāsāt Islāmīyah ;</subfield>
    <subfield code="v">13.</subfield>
  </datafield>
  <datafield tag="955" ind1=" " ind2=" ">
    <subfield code="b">CU58847073</subfield>
    <subfield code="d">off,glx</subfield>
    <subfield code="e">893.7991 Ah513</subfield>
  </datafield>
</record>
</collection>